@misc{Tecnologias,
author = {GENERA},
title = {http://www.generatecnologias.es/aplicaciones\_fpga.html},
url = {http://www.generatecnologias.es/aplicaciones\_fpga.html}
}
@misc{Kastensmidt,
author = {Kastensmidt, Fernanda Lima},
title = {http://www.inf.ufrgs.br/\~{}fglima/res.htm},
url = {http://www.inf.ufrgs.br/~fglima/res.htm}
}
@misc{IROC2013,
author = {IROC},
title = {{Do I Really Need to Worry About Soft Errors?}},
year = {2013}
}
