@misc{Sadasivan2006,
author = {Sadasivan, Shyam},
booktitle = {ARM webpage},
file = {:C$\backslash$:/Users/Andy/AppData/Local/Mendeley Ltd./Mendeley Desktop/Downloaded/Sadasivan - 2006 - An introduction to the arm cortex-m3 processor.pdf:pdf},
pages = {1--17},
title = {{An introduction to the arm cortex-m3 processor}},
url = {http://www.arm.com/files/pdf/IntroToCortex-M3.pdf},
year = {2006}
}
